<?xml version="1.0" encoding="UTF-8"?><collection xmlns="http://www.loc.gov/MARC21/slim"><record><leader>00325nam--2200133-i-4500</leader><controlfield tag="001">000050242</controlfield><controlfield tag="002">20161230</controlfield><controlfield tag="005">20161230201048</controlfield><controlfield tag="008">060222s1000------------r-----000-0-eng-d</controlfield><datafield ind1=" " ind2=" " tag="080"><subfield code="a">519.682</subfield></datafield><datafield ind1=" " ind2=" " tag="100"><subfield code="a">Barron, D</subfield></datafield><datafield ind1=" " ind2=" " tag="245"><subfield code="a">Vvedenie v iazyki programmirovaniia</subfield></datafield><datafield ind1=" " ind2=" " tag="260"><subfield code="a">Moskva, Izdatelstvo Mir, 1980, 192s</subfield></datafield><datafield ind1=" " ind2=" " tag="852"><subfield code="a">75574</subfield></datafield></record></collection>